<?xml version="1.0" encoding="UTF-8"?><collection xmlns="http://www.loc.gov/MARC21/slim"><record><leader>00538nam--2200181-i-4500</leader><controlfield tag="001">000003376</controlfield><controlfield tag="002">20161230</controlfield><controlfield tag="005">20161230201025</controlfield><controlfield tag="008">060222s1000------------r-----000-0-eng-d</controlfield><datafield ind1=" " ind2=" " tag="040"><subfield code="a">IFIN-HH</subfield></datafield><datafield ind1=" " ind2=" " tag="080"><subfield code="a">519.24/.25</subfield></datafield><datafield ind1="1" ind2=" " tag="100"><subfield code="a">Davies, Owen L</subfield></datafield><datafield ind1="1" ind2="0" tag="245"><subfield code="a">Statistical methods in research and production. with special reference to the chemical industry</subfield><subfield code="c">Owen l. davies (ed.)</subfield></datafield><datafield ind1=" " ind2=" " tag="250"><subfield code="a">Second Edition Revised</subfield></datafield><datafield ind1=" " ind2=" " tag="260"><subfield code="a">London</subfield><subfield code="b">Oliver &amp; Boyd</subfield><subfield code="c">1949</subfield></datafield><datafield ind1=" " ind2=" " tag="300"><subfield code="a">XI+292P</subfield></datafield><datafield ind1=" " ind2=" " tag="852"><subfield code="a">749</subfield><subfield code="c">519.24</subfield></datafield><datafield ind1=" " ind2=" " tag="CAT"><subfield code="a">Sys</subfield><subfield code="c">20130801</subfield><subfield code="h">130257</subfield></datafield></record></collection>